@article{Reed1960,
    title = {{Polynomial Codes Over Certain Finite Fields}},
    year = {1960},
    journal = {Journal of the Society for Industrial and Applied Mathematics},
    author = {Reed, I. S. and Solomon, G.},
    number = {2},
    pages = {300--304},
    volume = {8},
    isbn = {0368-4245},
    doi = {10.1137/0108018},
    issn = {0368-4245},
    keywords = {citation doi, issn advanced search},
}

@Book{Rynne2008LinearAnalysis,
  Title                    = {{Linear functional analysis}},
  Author                   = {Rynne, Bryan P. and Youngson, Martin A.},
  Publisher                = {Springer},
  Year                     = {2008},
  Address                  = {London},
  ISBN                     = {9781848000049},
  Pages                    = {324},
  Url                      = {https://ru.on.worldcat.org/oclc/234775031},
}

@Book{Pickard1990,
  Title                    = {Descriptive Physical Oceanography, An Introduction},
  Author                   = {Pickard, G. L. and Emery, W. J.},
  Publisher                = {Permagon Press},
  Year                     = {1990},
  Address                  = {New Yorl},
}


@article{Babanin2019,
    title = {{Waves and swells in high wind and extreme fetches, measurements in the southern ocean}},
    year = {2019},
    journal = {Frontiers in Marine Science},
    author = {Babanin, A. V. and Rogers, W. E. and Camargo, R. and Doble, M. and Durrant, T. and Filchuk, K. and Ewans, K. and Hemer, M. and Janssen, T. and Kelly-Gerreyn, B. and Machutchon, K. and McComb, P. and Quiao, F. and Schulz E. and Skvortsov, A. and Thomson, J. and Vichi, M. and Violant-Carvalho, N. and Wang, D. and Waseda, T. and Williams, G. and Young, I. R.},
    number = {6},
    pages = {361},
    doi = {10.3389/fmars.2019.00361},
}

@article{Rabault2017,
    title = {{Measurements of wave damping by a grease ice slick in svalbard using off-the-shelf sensors and open-source electronics}},
    year = {2017},
    journal = {Journal of Glaciology},
    author = {Rabault, J. and Sutherland, G. R. and Gundersen, O. and Jensen, A. },
    pages = {372-381},
    volume = {63},
    doi = {10.1017/jog.2017.1},
}

@article{Rabault2020,
    title = {{An open source, versatile, affordable waves in ice instrument for scientific measurements in the polar region}},
    year = {2020},
    journal = {Cold Regions Science and Technology},
    author = {Rabault, J. and Sutherland, G. R. and Gundersen, O. and Jensen, A. and Atle, M. and Marchenko, A. and Oyvind, B.},
    volume = {170},
}

@article{Oort1958,
    title = {{Reports on the Progress of Astronomy the Galactic System as a Spiral Nebula}},
    year = {1958},
    journal = {Monthly Notices of the Royal Astronomical Society},
    author = {Oort, J. H. and Kerr, F. J. and Westerhout, G.},
    number = {4},
    month = {8},
    pages = {379--389},
    volume = {118},
    url = {https://academic.oup.com/mnras/article-lookup/doi/10.1093/mnras/118.4.379},
    doi = {10.1093/mnras/118.4.379},
    issn = {0035-8711},
}

@article{Arakawa1977,
  author = {Arakawa, A. and Lamb, V. R.},
  doi = {10.1016/B978-0-12-460817-7.50009-4},
  journal = {Methods in Computational Physics},
  pages = {173-265},
  title = {Computational design of the basic dynamical processes of the UCLA general circulation model},
  volume = 17,
  year = 1977
}

@article{Becker2009,
  author = {Becker, J. J. and Sandwell, D. T. and Smith, W. H. F. and Braud, J. and Binder, B. and Depner, J. and Fabre, D. abd  Factor, J. and Ingalls, S. and Kim, S. -H. and Ladner, R. and Marks, K. and Nelson, S. and Pharaoh, A. and Trimmer, R. and Von Rosenberg, J. and Wallace, G. and Weatherall, P. },
  journal = {Marine Geodesy},
  pages = {355-371},
  title = {Global Bathymetry and Elevation Data at 30 Arc Seconds Resolution: SRTM30 PLUS},
  volume = 55,
  number = 4,
  year = 2009
}

@article{Amante2009,
  author = {Amante, C. and Eakins, B. W.},
  journal = {NOAA Techinal Memorandum NESDIS NGDC},
  pages = {19},
  title = {ETOPO-1 1 Arc-Minute Global Relief Model: Procedures, Data Source and Analysis.},
  volume = 24,
  year = 2009
}

@article{Lima2019,
  author = {Lima, L. N. and Pezzi, L. P. and Penny, S. G. and Tanajura, C. A. S.},
  journal = {Journal of Geophysical Research: Oceans},
  pages = {432-452},
  title = {An Investigation of Ocean Model Uncertainties Through Ensemble Forecast Experiments in the Southwest Atlantic Ocean},
  volume = 120,
  year = 2019
}


@article{Overland1988,
  author = {Overland, J. E. and Pease, C. H.},
  journal = {Journal of Geophysical Research},
  pages = {619-637},
  title = {Modeling ice dynamics of coastal seas.},
  volume = 96,
  year = 1988
}


@article{Carton2018,
  author = {Carton, J. A. and Chepurin, G. A. and Chen, L.},
  journal = {Journal of Geophysical Research},
  pages = {6967-6983},
  title = {SODA3: a new ocean climate reanalysis},
  volume = 123,
  doi = {10.1175/JCLI-D-18-0149.1},
  year = 2009
}

@article{Endo2019,
  author = {Endo, C. A. K. and Gherardi, D. F. M. and Pezzi, L. P. and Lima, L. N.},
  journal = {Nature Scientific Reports},
  pages = {01-11},
  title = {Low connectivity compromises the conservation of reef fishes by marine protected areas in the tropical South Atlantic},
  doi = {10.1038/s41598-019-45042-0},
  year = 2019
}

@article{Fernandez2018,
  author = {Fernandez, E. and Lellouche, J. M.},
  journal = {Copernicus Product User Manual},
  pages = {1-15},
  title = {Product User Manual for the Global Ocean Physcal Reanalysis Product GLORYS12V1},
  volume = 4,
  year = 2018
}

@article{Budgell2005,
  author = {Budgell, W. P.},
  doi = {10.1007/s10236-005-0008-3},
  journal = {Ocean Dynamics},
  pages = {370-387},
  title = {Numerical simulation of ice-ocean variability in the Barents Sea region},
  volume = 55,
  year = 2005
}

@article{Booij1999,
  author = {Booij, N. and Ris, R. C. and Holthuijsen, L. H.},
  doi = {10.1029/98JC02622},
  journal = {Journal of Geophysical Research: Oceans},
  number = {C4},
  pages = {7649--7666},
  title = {A third-generation wave model for coastal regions: 1. Model description and validation},
  url = {dx.doi.org/10.1029/98JC02622},
  volume = 104,
  year = 1999
}

@PHDTHESIS {Zambom2009,
    author = "Zambom, J. B.",
    title  = "An Examination of Tropical Cyclone Dynamics Utilizing the 3-Way Coupled Ocean Atmosphere Wave Sediment Transport (COAWST) Model",
    school = "Faculty of North Carolina State University",
    adress = "Raleigh, NC",
    type = {Dissertação de Mestrado},
    year   = "2009"
}

@PHDTHESIS {Gouveia2015,
    author = "Gouveia, M. B.",
    title  = "A influência dos processos de circulação oceânica nos extremos de produção comercial da Sardinha Verdadeira",
    school = "Sensoriamento Remoto, Instituto Nacional de Pesquisas Espaciais",
    year   = "2015",
    address = {São José dos Campos, SP},
    type = {Dissertação de Mestrado}
}

@PHDTHESIS {Dasilva2013,
    author = "Silva, P. E. D.",
    title  = "Caracterização do padrão de ondas na costa do Brasil por meio de modelagem numérica",
    school = "Meteorologia, Instituto Nacional de Pesquisas Espaciais",
    year   = "2013",
    type = {Dissertação de Mestrado},
    address = {São José dos Campos, SP}
}

@article{Haidvogel2008,
  author = {Haidvogel, D. B. and Arango, H. G. and Budgell, W. P. and Cornuelle, B. D. and Curchitser, E. and Lorenzo, E. and Fennel, K and Geyer, W. R. and Hermann, A. J. and Lanerolle, L. and Levin, J. and McWilliams, J. C. and Miller, A. J. and Moore, A. M. and Powell, T. M. and Shchepetkin, A. F. and Sherwood, C. R. and Signell, R. P. and Warner, J. C. and Wilkin, J.},
  doi = {10.1016/j.jcp.2007.06.016},
  journal = {J. Comput. Physics},
  number = 7,
  pages = {3595-3624},
  timestamp = {2013-08-13T13:05:26.000+0200},
  title = {Ocean forecasting in terrain-following coordinates: Formulation and skill assessment of the Regional Ocean Modeling System.},
  volume = 227,
  year = 2008
}


@article{Fairall2003,
  author = {Fairall, C. W. and Bradley, E. F. and Hare, J. E. and Grachev, A. A. and Edson, J. B.},
  doi = {10.1175/1520-0442(2003)016<0571:BPOASF>2.0.CO;2},
  journal = {Journal of Climate},
  keywords = {},
  number = 4,
  pages = {571-591},
  title = {{Bulk Parameterization of Airâ-Sea Fluxes: Updates and Verification for the COARE Algorithm}},
  volume = 16,
  year = 2003
}

@article{Fairall1996,
  author = {Fairall, C. W. and Bradley, E. F. and Rogers, D. P. and Edson, J. B. and Young, G. S.},
  doi = {10.1029/95JC032052},
  journal = {Journal of Geophysical Research},
  number = 101,
  pages = {3747-3764},
  title = {Bulk parameterization of air-sea fluxes for Tropical Ocean-GlobalAtmosphere Coupled-Ocean Atmosphere Response Experiment},
  year = 1996
}

@article{Jacob2005,
  author = {Jacob, R. L. and Larson, J. W. and Ong, E. T.},
  doi = {10.1177/1094342005056116},
  journal = {IJHPCA},
  number = 3,
  pages = {293-307},
  title = {M x N Communication and Parallel Interpolation in Community Climate System Model Version 3 Using the Model Coupling Toolkit.},
  volume = 19,
  year = 2005
}


@article{Larson2005,
  author = {Larson, J. W. and Jacob, R. L. and Ong, E. T.},
  doi = {10.1177/1094342005056115},
  journal = {IJHPCA},
  number = 3,
  pages = {277-292},
  title = {The Model Coupling Toolkit: A New Fortran90 Toolkit for Building Multiphysics Parallel Coupled Models.},
  url = {dblp.uni-trier.de/db/journals/ijhpca/ijhpca19.html#LarsonJO05},
  volume = 19,
  year = 2005
}


@article{Shchepetkin2005,
  author = {Shchepetkin, A. F. and McWilliams, J. C.},
  doi = {10.1016/j.ocemod.2004.08.002},
  journal = {Ocean Modelling},
  pages = {347-404},
  title = {{The regional oceanic modeling system (ROMS): a split-explicit, free-surface, topography-following-coordinate oceanic model}},
  volume = 9,
  year = 2005
}

@article{Sutil2019a,
  author = {Sutil, U. A. and Pezzi, L. P. and Alves, R. C. M. and Nunes, A. B.},
  doi = {10.11137/2019_1_525_535},
  journal = {Anuário do Instituto de Geociências - UFRJ},
  pages = {525-535},
  title = {Ocean-Atmosphere Interactions in an Entratropical Cyclone in the Southwest Atlantic},
  volume = 42,
  year = 2018
}


@article{Sutil2018,
  author = "Sutil, U. A. and Pezzi, L. P.",
  doi     = {10.13140/RG.2.2.31726.87363},
  journal = {National Institute for Space Research},
  pages   = {01-91},
  title   = {Guia Prático para Utilização do COAWST},
  volume  = 1,
  year = 2018
}



@ARTICLE {Booij1996,
    author  = "Booij, N. and Holthuijsen, L. H. and Ris, R. C.",
    title   = "The SWAN Wave Model for Shallow Water",
    journal = "Coastal Engineering Proceedings",
    year    = "1996",
    number  = 25,
    pages   = {668-675},
    doi     = {10.9753/icce.v25.%25p}
}

@misc{Trond2019,
  author = "Kristiansen, T.",
  title = {Model2roms Python Toolbox for ROMS},
  howpublished = {\url{https://github.com/trondkr/model2roms}},
  note = {Accessed: 2019-09-25},
  year = 2019
}

@ARTICLE {Jones1999,
    author  = "Jones, P. W.",
    title   = "First and Second Order Conservative Remapping Schemes for Grids in Spherical Coordinates",
    journal = "Monthly Weather Review",
    year    = "1999",
    number  = 127,
    pages   = {2204-2210},
    doi     = {10.1175/1520-0493(1999)127<2204:FASOCR>2.0.CO;2}
}

@article{hedstrom2018,
  author  = {Hedström, K. S.},
  journal = {OCS Study BOEM 2016-037},
  title   = {Technical Manual for a Coupled Sea-Ice/Ocean Circulation Model (Version 5)},
  url     = {https://www.boem.gov/uploadedFiles/BOEM/BOEM_Newsroom/Library/Publications/BOEM_2016-037.pdf},
  year    = 2018,
}



@article{Hunke1997,
  author = {Hunke, E. C. and Dukowicz, J. K.},
  journal = {Journal of Physical Oceanography},
  title = {An elastic-viscous-plastic model for sea ice dynamics},
  year = 1997,
  volume  = 27,
  pages   = {1849-1868}
}

@article{Lemieux2015,
  author = {Lemieux, J. -F. and Tremblay, B. and Dupont, F. and Plante, M. and Smith, G. C. and Dumont, D.},
  journal = {Journal of Geophysical Research},
  title = {A basal stress parameterization for modeling landfast ice},
  year = 2015,
  volume  = 120,
  pages   = {3157-3179},
  doi = {10.1002/2014JC010678}
}

@article{Smolarkiewicz1990,
  author = {Smolarkiewicz, P. K. and Grabowski, W. W.},
  journal = {Journal of Comp. Phys.},
  title = {The multidimensional positive definite advection transport algorithm: non-oscillatory option},
  year = 1990,
  volume  = 86,
  pages   = {355-375},
}

@article{Hunke2001,
  author = {Hunke, E. C.},
  journal = {Journal of Computacional Physics},
  title = {Viscous-plastic sea ice dynamics with the evp model: linearization issues},
  year = 2001,
  volume  = 170,
  pages   = {18-38}
}

@article{Mellor1989,
  author = {Mellor, G. L. and Kanta, L.},
  journal = {An ice-ocean coupled model},
  title = {Journal of Geophysical Research},
  year = 1989,
  volume  = 94,
  number  = 10,
  pages   = {937-954}
}

@misc{duda2006,
  Author = {Duda, Michel},
  Institution = {National Center for Atmospheric Research},
  Howpublished = {2006 WRF-ARW Summer tutorial},
  Year = {2008},
  Title = {The WRF Preprocessing System}
}

@misc{Jones1998,
 author   = "Jones, P. W.",
 title     = " A User's Guide for SCRIP: A Spherical
Coordinate Remapping and Interpolation Package version 1.5",
 publisher = "Los Alamos National Laboratory",
 address   = {Los Alamos, NM},
 year      = "1998",
 url       = "oceans11.lanl.gov/svn/SCRIP/trunk/SCRIP/doc/SCRIPusers.pdf"
}

@misc{Saha2006,
 author   = "Suranjana {Saha} and Shrinivas {Moorthi} and Hua-Lu {Pan} and Xingren {Wu} and Jie {Wang} and Sudhir {Nadiga} and Patrick {Tripp} and Robert {Kistler} and John {Woollen} and David {Behringer} and Haixia {Liu} and Diane {Stokes} and Robert {Grumbine} and George {Gayno} and Jun {Wang} and Yu-Tai {Hou} and Hui-Ya {Chuang} and Hann-Ming H. {Juang} and Joe {Sela} and Mark {Iredell} and Russ {Treadon} and Daryl {Kleist} and Paul {Van Delst} and Dennis {Keyser} and John {Derber} and Michael {Ek} and Jesse {Meng} and Helin {Wei} and Rongqian {Yang} and Stephen {Lord} and Huug {van den Dool} and Arun {Kumar} and Wanqiu {Wang} and Craig {Long} and Muthuvel {Chelliah} and Yan {Xue} and Boyin {Huang} and Jae-Kyung {Schemm} and Wesley {Ebisuzaki} and Roger {Lin} and Pingping {Xie} and Mingyue {Chen} and Shuntai {Zhou} and Wayne {Higgins} and Cheng-Zhi {Zou} and Quanhua {Liu} and Yong {Chen} and Yong {Han} and Lidia {Cucurull} and Richard W. {Reynolds} and Glenn {Rutledge} and Mitch {Goldberg}",
 title     = "NCEP Climate Forecast System Reanalysis (CFSR) 6-hourly Products, January 1979 to December 2010",
 publisher = "Research Data Archive at the National Center for Atmospheric Research, Computational and Information Systems Laboratory",
 address   = {Boulder, CO},
 year      = "2010",
 url       = "https://doi.org/10.5065/D69K487J"
}

@software{Ncl2017,
  author = {{UCAR}},
  title = {The NCAR Command Language},
  url = {dx.doi.org/10.5065/D6WD3XH5},
  version = {6.4.0},
  date = {2017},
  adress = {Boulder, CO}
}

@article {Skamarock2008,
    author      = "Skamarock, W. C. and Klemp, J. B. and Dudhia, J. and Gill, D. O. and Barker, D. M. and Duda, M. G. and Huang, X.-Y. and Wang, W. and Powers, J. G.",
    title       = "A Description of the Advanced Research WRF Version 3.",
    institution = "National Center for Atmospheric Research",
    year        = "2008",
    type        = "NCAR Technical Note",
    number      = "NCAR TN-475+STR"
}


@article {Warner2010,
    author  = "Warner, J. C. and Armstrong, B. and He, R. and Zambon, J. B.",
    title   = "Development of a Coupled Ocean–Atmosphere– Wave–Sediment Transport (COAWST) Modeling System",
    journal = "Ocean Modelling",
    year    = "2010",
    number  = 3,
    volume  = 35,
    pages   = {230-244},
    doi     = {10.1016/j.ocemod.2010.07.010}
}


@article {Warner2008,
  author = {Warner, J. C. and Sherwood, C. R. and Signell, R. P. and Harris, C. K. and Arango, H. G.},
  doi = {10.1016/j.cageo.2008.02.012},
  journal = {Computers \& Geosciences},
  number = 10,
  pages = {1284-1306},
  title = {Development of a three-dimensional, regional, coupled wave, current, and sediment-transport model.},
  volume = 34,
  year = 2008
}

@article {Miller2018,
  author = {Miller, A. J. and Collins, M. and Silvio, G. and Jensen, T. G. and Misra, V. and Pezzi, L. P. and Pierce, D. W. and Putrasahan, D. and Seo, H. and Tseng, Y.-H.},
  doi = {10.1357/002224017821836770},
  journal = {Journal of Marine Research},
  number = 3,
  pages = {361-402},
  title = {Coupled ocean-atmosphere modeling and predictions},
  volume = 42,
  year = 2018
}

@article {Charnock1955,
    author  = "Charnock, H.",
    title   = "Wind stress on a water surface",
    journal = "Quarterly Journal of the Royal Meteorology Society",
    year    = "1955",
    number  = 350,
    volume  = 81,
    pages   = {639-640},
    doi     = {10.1002/qj.49708135027 }
}

@online {Warner2018,
    author = "Warner, J. C.",
    title  = "A Coupled-Ocean-Atmosphere-Wave- Sediment Transport Modeling System",
    month  = "apr",
    year   = "2018",
    url    = "https://woodshole.er.usgs.gov/operations/modeling/COAWST/"
}

@book{Pullen2017,
  title     = {The Science of Ocean Prediction, The Sea},
  author    = {Pullen, J. and R. Allard and H. Seo and A. J. Miller and S. Chen and L.               P. Pezzi and T. Smith and P. Chu and J. Alves and R. Caldeira},
  year      = {2017},
  publisher = {P. Lermusiaux and K. Brink},
  chapter   = {Coupled ocean-atmosphere modeling and predictions}
}

@book{Sutil2019b,
  title     = {Guia Prático para Configuração do COAWST - Segunda Edição},
  author    = {Sutil, U. A. and Pezzi, L. P.},
  year      = {2019},
  publisher = {Instituto Nacional de Pesquisas Espaciais},
  Address   = {São José dos Campos},
  ISBN      = {978-85-17-00098-0},
  Pages     = {100},
  Url       = {urlib.net/rep/8JMKD3MGP3W34R/3TUTUJB},

}

@article {Gouveia2017,
    author  = "Gouveia, M. B. and Gherardi, F. M. and {Lentini}, C. A. D. and {Dias}, D. F. and {Campos}, P. C.",
    title   = "Do the Brazilian sardine commercial landings respond to local ocean circulation?",
    journal = "PLOS One",
    year    = "2017",
    number  = 12,
    volume  = 5,
    pages   = {1-19},
    doi     = {10.1371/journal.pone.0176808}
}

@article {Pullen2018,
    author  = "Pullen, J. and {Allard}, R. and {Seo}, H. and {Miller}, A. J. and {Chen}, S. and {Pezzi}, L. P. and {Smith}, T. and {Chu}, P. and {Alves}, J. and {Caldera}, R.",
    title   = "Coupled ocean-atmosphere forecasting at short and medium time scales",
    journal = "Journal of Marine Science",
    year    = "2018",
    volume  = 17,
    pages   = {1},
}

@article {Mendonca2017,
    author  = "Mendonça, L. F. and {Souza}, R. B. and {Pezzi}, L. P. and {Möller}, O. O. and {Alves}, R. C. M.",
    title   = "Regional modeling of the water masses and circulation annual variability at the Southern Brazilian Continental Shelf",
    journal = "Journal of Geophysical Research: Oceans",
    year    = "2017",
    number  = 122,
    pages   = {1232-1253},
    doi     = {10.1002/2016JC011780}
}

@article {Dias2014,
    author  = "Dias, D. F. and {Pezzi}, L. P. and {Gherardi}, D. F. M. and {Camargo}, R.",
    title   = "Modeling the spawning strategies and larval survival of the Brazilian sardine (Sardinella brasiliensis)",
    journal = "Progress in Oceanography",
    year    = "2014",
    number  = 123,
    pages   = {38-53},
    doi     = {10.1016/j.pocean.2014.03.009}
}

@article {Silveira2014,
    author  = "Silveira, I. P. and Pezzi, L. P.",
    title   = "Sea surface temperature anomalies driven by oceanic local forcing in the Brazil-Malvinas Confluence",
    journal = "Ocean Dynamics",
    year    = "2014",
    number  = 64,
    volume  = 347,
    pages   = {347-360},
    doi     = {10.1007/s10236-014-0699-4}
}

@article {Parise2015,
    author  = "Parise, C. K. and Pezzi, L. P. and {Hodges}, K. I. and {Justino}, F.",
    title   = "The Influence of Sea Ice Dynamics on the Climate Sensitivity and Memory to Increased Antarctic Sea Ice",
    journal = "Journal of Climate",
    year    = "2014",
    volume  = 28,
    pages   = {9642-9668},
    doi     = {10.1175/JCLI-D-14-00748.1}
}

@article {Meredith2015,
    author  = "Meredith and King, J. C.",
    title   = "Rapid climate change in the ocean west of the Antartic Peninsula during the second half of the 20th century.",
    journal = "Geophysical Research Letter",
    year    = "2015",
    volume  = 32,
    doi     = {10.1029/2005GL024042}
}

@article {Turner2005,
    author  = "Turner, J. and Colwell, S. R. and Marshall, G. J. and Lachlan-Cope, T. A. and Carleton, A. M. and Jones, P. D. and Lagun, V. and Reid, P. A. and Iagovkina, S.",
    title   = "Antarctic climate change during the last 50 years.",
    journal = "Internacional Journal of Climatology",
    year    = "2005",
    volume  = 25,
    pages   = {279-294},
    doi     = {10.1002/joc.1130}
}

@article {Lee2017,
    author  = "Lee, S. K. and Volkov, D. L. and Lopez, H. and Cheon, W. G. and Gordon, A. L. and Liu, Y. and Wanninkhof, R.",
    title   = "Wind-driven ocean dynamics impact on the contrasting sea-ice trends around West Antarctica",
    journal = "Journal of Geophysical Research: Oceans",
    year    = "2017",
    doi     = {10.1002/2016JC012416}
}

@article {Cunningham2011,
    author  = "Cunningham, C. A. and Bonatti, J. P.",
    title   = "Local and remote responses to opposite Ross Sea ice anomalies: A numerical experiment with CPTEC/INPE AGCM",
    journal = "Theoretical and applied climatology",
    year    = "2011",
    volume  = 106,
    pages   = {23-44},
}

@article {Raphael2011,
    author  = "Raphael, M. and Hobbs, W. and Wainer, I.",
    title   = "The effect of Antartic Sea Ice on the Southern Hemisphere Atmosphere during the Southern Summer",
    journal = "Climate Dynamics",
    year    = "2011",
    volume  = 36,
    pages   = "1403-1417"
}

@article {Carpenedo2013,
    author  = "Carpenedo, C. B. and Ambrizzi, T. and Aimola, L. A. L",
    title   = "Possíveis relações entre a variabilidade interanual do gelo marinho antártico e a precipitação na América do Sul",
    journal = "Ciência e Natura",
    year    = "2013",
    volume  = 35,
    pages   = "72-74"
}

@article {Nakamura2004,
    author  = "Nakamura, H. and Shimpo, A.",
    title   = "Seasonal variations in the Southern Hemisphere storm tracks and jet streams as revealed in a reanalysis dataset",
    journal = "Journal of Climate",
    year    = "2004",
    volume  = 17,
    pages   = "1828-1844"
}
@article {Ummenhofer2007,
    author  = "Ummenhofer, C. C. and England, M. H.",
    title   = "Interannual extremes in New Zealand precipitation linked to modes of Southern Hemisphere climate variability.",
    journal = "Journal of Climate",
    year    = "2007",
    volume  = 20,
    pages   = "5418-5440"
}

@article {Gordon2001,
    author  = "Gordon, A. L. and Visbeck, M. and Huber, B.",
    title   = "Export of Weddell Sea deep and bottom water.",
    journal = "Journal of Geophysical Research: Oceans",
    year    = "2001",
    volume  = 106,
    pages   = "9005-9017"
}

@article {Vernet2019,
    author  = "Vernet, M. and Geibert, W. and Hoppema, M. and Brown, P. J. and Haas, C. and Hellmer, H. H. and Jokat, W. and Jullion, L. and M. Mazloff and Bakker, D. C. E. and Brearley, J. A. and Croot, P. and Hattermann, T. and Hauck, J. and Hillenbrand, C.-D. and Hoppe, C. J. M. and Huhn, O. and Koch, B. P. and Lechtenfeld, O. J. and Meredith, M. P. and Naveira Garabato, A. C. and Nöthig, E. -M. and Peeken, I. and Rutgers van der Loeff, M. M. and Schmidtko, S. and Schröder, M. and  Strass, V. H. and Torres‐Valdés, S. and Verdy, A.",
    title   = "The Weddell Gyre, Southern Ocean: Present Knowledge and Future Challenges",
    journal = "Reviews of Geophysic",
    year    = "2019",
    volume  = 57,
    pages   = "623-702"
}


@article {Pook2013,
    author  = "Pook, M. J and Risbey, J. S. and Mcintosh, P. C. and Ummenhofer, C. C. and Marshall, A. G. and Meyers, G. A.",
    title   = "The seasonal cycle of blocking and associated physical mechanisms in the Australian region and relationship with rainfall.",
    journal = "Montlhy Weather Review",
    year    = "2013",
    volume  = 141,
    pages   = "4534-4553"
}

@article {Kerr2018,
    author  = "Kerr, R. and Dotto, T. S. and Mata, M. M and Hellmer, H. H.",
    title   = "Three decades of deep water mass investigation in the Weddell Sea (1984–2014): Temporal variability and changes",
    journal = "Deep Sea Research Part II: Topical Studies in Oceanography",
    year    = "2018",
    volume  = 149,
    pages   = "70-83"
}


@article {Rodrigues2017,
    author  = "Rodrigues, R. R. and Woolings, T.",
    title   = "Impact of atmospheric blocking on South America in austral summer.",
    journal = "Journal of Climate",
    year    = "2017",
    volume  = 30,
    pages   = "1821-1837"
}

@article {Munk1951,
    author  = "Munk, W. H. and Palmén, E.",
    title   = "Note on the Dynamics of the Antartic Circumpolar Current",
    journal = "Tellus",
    year    = "1951",
    volume  = 3,
    pages   = "53-55"
}

@article {Johnson1989,
    author  = "Johnson, G. C. and Bryden, H",
    title   = "On the size of the Antartic Circumpolar Current",
    journal = "Deep Sea Research-Part A",
    year    = "1989",
    volume  = 36,
    pages   = "39-53"
}

@article {Rintoul2018,
    author  = "Rintoul, S",
    title   = "The Global Influence of Localized Dynamics in the Southern Ocean",
    journal = "Nature",
    year    = "2019",
    volume  = 558,
    pages   = "209-218"
}

@article {Moffat2018,
    author  = "Moffat, C. and Meredith",
    title   = "Shelf-ocean exchange and hydrography west of Antarctic Peninsula: a review",
    journal = "Philosophical Transactions of the Royal Society A: Mathematical, Physical and Engineering Sciences",
    doi     = {doi.org/10.1098/rsta.2017.0164},
    year    = "2018",
    volume  = 378
}

@article {Mayewski2009,
    author  = "Mayewski, A. L. and Meredith, M. P. and Summerhayers, C. P. and Turner, J. and Worby, A. and Barrett, P. J. and Casassa, G. and Bertler, N. A. N and Bracegirdle, T. and Naveira Garabato, A. C. and Bromwich, D. and Campbell, H. and Hamilton, G. S. and Lyons, W. B. and Maasch, K. A. and Aoki, S. and Xiao, C. and van Ommen, T.",
    title   = "State of the Antartic and Southern Ocen climate system",
    journal = "Reviews of Geophysics",
    doi     = {doi.org/10.1029/2007RG00023},
    year    = "2009",
    volume  = 47
}

@article {Kohout2014,
    author  = "Kohout, A. L. and Williams, M. J. H. and Dean, S. and Meylan M. H.",
    title   = "Storm-induced sea ice breakup and the implications for ice extent",
    journal = "Nature",
    doi     = {doi.org/10.1038/Nature132623},
    year    = "2014",
    volume  = 509,
    pages   = "604-607"
}

@article {Santini2018,
    author  = "Santini, M. F. and Souza, R. B. and Wainer, I. and Muelbert, M. M. ",
    title   = "Temporal analisys of water masses and sea ice formation rate west of the Antarctic Peninsula in 2008 estimated from southern elephant seals  SRDL–CTD data",
    journal = "Deep-Sea Research Part II: Topical Studies in Oceanography",
    doi     = {doi.org/10.1016/j.dsr2.2018.02.013},
    year    = "2018",
    volume  = 14
}

@article {Simmonds2003,
    author  = "Simmonds, I. and Keay, K. and Lim, E. P. ",
    title   = "Synoptic activity in the seas around Antarctica",
    journal = "Monthly Weather Review",
    year    = "2003",
    volume  = 131,
    pages   = "272-288"

}

@article {Adler2003,
    author  = "Adler, R. F and Coauthors ",
    title   = "The version 2 Global Precipitation Climatology Project (GPCP) montlhy precipitation analysis (1979-present)",
    journal = "Journal of Hydro-meteorology",
    year    = "2003",
    volume  = 4,
    pages   = "1147-1167"

}

@article {Balsameda2013,
    author  = "Balsameda, M. A. and Mogense, K. and Weaver, A. T. ",
    title   = "Evaluation of the ECMWF Ocean Reanalysis System ORAS4",
    journal = "Quarterly Journal of the Royal Meteorological Society",
    year    = "2013",
    volume  = 139,
    pages   = "1132-1161"

}

@article {Pezzi2009,
    author  = "Pezzi, L. P. and Souza, R. B. and Acevedo, O. and Wainer, I. and Mata, M. M. and Garcia, C. A. E. and Camargo, R.",
    title   = "Multiyear measurements of the oceanic and atmospheric boundary layers at the Brazil-Malvinas confluence region",
    journal = "Journal of Geophysical Research",
    year    = "2009",
    volume  = 114,
    pages   = "D19103",
    doi     = {doi.org/10.1029/2008JD011379},

}

@article {Butterworth2016,
    author  = "Butterworth, B. J. and Miller, S. D.",
    title   = "Automated underway eddy covariance system for air-sea momentum, heat, and CO2 fluxes in the Southern Ocean",
    journal = "Journal of Atmospheric and Oceanic Technology",
    year    = "2016",
    volume  = 33,
    pages   = "635-652",
    doi     = {doi.org/10.1175/JTECH-D-15-0156.1},

}

@article {Tamura2011,
    author  = "Tamura, T. and Ohshima, K. I. and Nihashi, S. and Hasumi, H.",
    title   = "Estimation of surface heat/salt fluxes associated with sea ice growth/melt in the Southern Ocean",
    journal = "SOLA",
    year    = "2011",
    volume  = 7,
    pages   = "017-020",
    doi     = {doi.org/10.2151/sola.2011-005},

}

@article {Haid2013,
    author  = "Haid, V. and Timmermann, R.",
    title   = "Simulated heat flux and sea ice production at coastal polynyas in the southwestern Weddell Sea",
    journal = "Journal of Geophysical Research",
    year    = "2013",
    volume  = 118,
    pages   = "2640-2652",
    doi     = {doi.org/10.1002/jgrc.20133},

}

@article {Vihma2009,
    author  = "Vihma, T. and Johansson, M. M. and Launianen, J.",
    title   = "Radiative and turbulent surface heat fluxes over sea ice in the western Weddell sea in early summer",
    journal = "Journal of Geophysical Research",
    year    = "2009",
    volume  = 114,
    pages   = "C04019",
    doi     = {doi.org/10.1029/2008JC004995},

}

@article {Vihma2009,
    author  = "Vihma, T. and Johansson, M. M. and Launianen, J.",
    title   = "Radiative and turbulent surface heat fluxes over sea ice in the western Weddell sea in early summer",
    journal = "Journal of Geophysical Research",
    year    = "2009",
    volume  = 114,
    pages   = "C04019",
    doi     = {doi.org/10.1029/2008JC004995},

}

@online{NSF2019,
  author = {NSF},
  title = {Ice Sheets},
  year = 2019,
  url = {https://www.nsf.gov/geo/opp/antarct/science/icesheet.jsp},
  urldate = {2019-13-12}
}

@online{MB2019,
  author = {Marinha do Brasil},
  title = {Programa Antártico Brasileiro},
  year = 2019,
  url = {https://www.marinha.mil.br/secirm/proantar},
  urldate = {2019-13-12}
}



@article {Talley2013,
    author  = "Talley, L. D.",
    title   = "Closure of the Global Overturning Circulation through the Indian, Pacific and Southern Oceans",
    journal = "Oceanography",
    year    = "2013",
    volume  = 26,
    doi     = {doi.org/10.5670/oceanogra.2013.07},

}

@article {McTaggart2006,
    author  = "McTaggart-Cowan, M. J. and Bosart, R. L. F. and Davis, C. A. and Atallah, E. H. and Gyakum, J. R. and Emanual, K. A.",
    title   = "Analyses of the Hurricane Catarina",
    journal = "Montlhy Weather Review",
    year    = "2006",
    volume  = 134,
    pages   = "3029-3053",
    doi     = {doi.org/10.1175/MWR3330.1},

}

@article {Peng2013,
    author  = "Peng, G. and Meier, W. N. and Scott, D. and Savoie, M.",
    title   = "A long-term and reproducible passive microwave sea ice concentration data record for climate studies and monitoring",
    journal = "Earth Sysm. Sci. Data",
    year    = "2018",
    volume  = 5,
    pages   = "311-318",
    doi     = {doi.org/10.5194/essd-5-311-2013},

}

@article {Taylor2001,
    author  = "Taylor, K. E.",
    title   = "Summarizing multiple aspects of model performance in a single diagram",
    journal = "Journal of Geophysical Research",
    year    = "2001",
    volume  = 106,
    pages   = "7183-7192",
    doi     = {doi.org/10.1029/2000JD900719},

}

@article {Vihma2002,
    author  = "Vihma, T. and Uotila, J. and Cheng, B. and Launiainen, J. ",
    title   = "Surface heat budget over the Weddell Sea: Buoy results and model comparisons",
    journal = "Journal of Geophysical Research",
    year    = "2002",
    volume  = 107,
    doi     = {doi.org/10.1029/2000JC000372.2002},

}


@misc{ERA5,
 author = "",
 title = "ERA5 Reanalysis",
 publisher  = "Research Data Archive at the National Center for Atmospheric Research, Computational and Information Systems Laboratory",
 address = {Boulder CO},
 year  = "2017",
 url = "https://doi.org/10.5065/D6X34W69"
}

